<?xml version="1.0" encoding="UTF-8"?>
<record xmlns="http://www.loc.gov/MARC21/slim">
   <leader>03253cam a2200469 a 4500</leader>
   <controlfield tag="001">416703</controlfield>
   <controlfield tag="003">NjP</controlfield>
   <controlfield tag="005">20190705140609.0</controlfield>
   <controlfield tag="008">870210s1984    ir       b    000 0 ara d</controlfield>
   <datafield tag="024" ind1="7" ind2=" ">
      <subfield code="a">princeton_aco004317</subfield>
      <subfield code="2">local</subfield>
   </datafield>
   <datafield ind1=" " ind2=" " tag="040">
      <subfield code="a">CU</subfield>
      <subfield code="c">PUL</subfield>
      <subfield code="d">PUL</subfield>
   </datafield>
   <datafield ind1=" " ind2=" " tag="035">
      <subfield code="a">(CStRLIN)NJPG87-B6257</subfield>
   </datafield>
   <datafield ind1=" " ind2=" " tag="035">
      <subfield code="9">ABZ2240TS</subfield>
   </datafield>
   <datafield ind1=" " ind2=" " tag="035">
      <subfield code="a">(NjP)416703</subfield>
   </datafield>
   <datafield ind1=" " ind2=" " tag="049">
      <subfield code="a">PULL</subfield>
   </datafield>
   <datafield ind1=" " ind2=" " tag="035">
      <subfield code="a">(OCoLC)ocm22316133</subfield>
   </datafield>
   <datafield ind1="1" ind2=" " tag="100">
      <subfield code="6">880-01</subfield>
      <subfield code="a">Ibn al-Muṭahhar al-Ḥillī, al-Ḥasan ibn Yūsuf,</subfield>
      <subfield code="d">1250-1325.</subfield>
      <subfield code="0">http://id.loc.gov/authorities/names/n84166554</subfield>
   </datafield>
   <datafield ind1="1" ind2="0" tag="245">
      <subfield code="6">880-02</subfield>
      <subfield code="a">Īḍāh al-fawāʼid fī sharḥ ishkālāt al-qawāʻid /</subfield>
      <subfield code="c">li-muʼallifihi Abī Ṭālib Muḥammad ibn al-Ḥasan ibn Yūsuf ibn al-Muṭahhar al-Ḥillī ; nammaqahu wa-ʻallaqa ʻalayhi wa-ashrafa ʻalá ṭabʻihi Ḥusayn Mūsawī al-Kirmānī wa-ʻAlī Panāh al-Ishtihārdī wa-ʻAbd al-Raḥīm al-Burūjirdī.</subfield>
   </datafield>
   <datafield ind1=" " ind2=" " tag="250">
      <subfield code="a">Chap-i 2.</subfield>
   </datafield>
   <datafield ind1=" " ind2=" " tag="260">
      <subfield code="6">880-03</subfield>
      <subfield code="a">[Qum] :</subfield>
      <subfield code="b">Bunyād-i Kūshānpūr :</subfield>
      <subfield code="b">Muʼassasah-i Maṭbūʻāt-i Ismāʻīliyān,</subfield>
      <subfield code="c">1363 [1984]</subfield>
   </datafield>
   <datafield ind1=" " ind2=" " tag="300">
      <subfield code="a">4 v. ;</subfield>
      <subfield code="c">25 cm.</subfield>
   </datafield>
   <datafield ind1=" " ind2=" " tag="500">
      <subfield code="a">Title page partially vocalized.</subfield>
   </datafield>
   <datafield ind1=" " ind2=" " tag="504">
      <subfield code="a">Includes bibliographical references.</subfield>
   </datafield>
   <datafield ind1="1" ind2="0" tag="600">
      <subfield code="6">880-04</subfield>
      <subfield code="a">Ibn al-Muṭahhar al-Ḥillī, al-Ḥasan ibn Yūsuf,</subfield>
      <subfield code="d">1250-1325.</subfield>
      <subfield code="t">Qawāʻid al-aḥkām fī maʻrifat al-ḥalāl wa-al-ḥarām.</subfield>
      <subfield code="0">http://id.loc.gov/authorities/names/n89115870</subfield>
   </datafield>
   <datafield ind1=" " ind2="0" tag="650">
      <subfield code="a">Islamic law</subfield>
      <subfield code="x">Interpretation and construction.</subfield>
      <subfield code="0">http://id.loc.gov/authorities/subjects/sh85068455</subfield>
   </datafield>
   <datafield ind1=" " ind2="0" tag="650">
      <subfield code="a">Shiites.</subfield>
      <subfield code="0">http://id.loc.gov/authorities/subjects/sh85121432</subfield>
   </datafield>
   <datafield ind1="1" ind2=" " tag="700">
      <subfield code="6">880-05</subfield>
      <subfield code="a">Ibn al-Muṭahhar al-Ḥillī, al-Ḥasan ibn Yūsuf,</subfield>
      <subfield code="d">1250-1325.</subfield>
      <subfield code="t">Qawāʻid al-aḥkām fī maʻrifat al-ḥalāl wa-al-ḥarām.</subfield>
      <subfield code="f">1984.</subfield>
      <subfield code="0">http://id.loc.gov/authorities/names/n84166554</subfield>
   </datafield>
   <datafield ind1="1" ind2=" " tag="700">
      <subfield code="6">880-06</subfield>
      <subfield code="a">Mūsawī al-Kirmānī, Ḥusayn.</subfield>
   </datafield>
   <datafield ind1="1" ind2=" " tag="700">
      <subfield code="6">880-07</subfield>
      <subfield code="a">Ishtihārdī, ʻAlī Panāh.</subfield>
   </datafield>
   <datafield ind1="1" ind2=" " tag="700">
      <subfield code="6">880-08</subfield>
      <subfield code="a">Burūjirdī, ʻAbd al-Raḥīm.</subfield>
   </datafield>
   <datafield ind1="1" ind2=" " tag="880">
      <subfield code="6">100-01/r</subfield>
      <subfield code="a">ابن المطهر الحلي، الحسن بن يوسف،</subfield>
      <subfield code="d">1250-1325.</subfield>
   </datafield>
   <datafield ind1="1" ind2="0" tag="880">
      <subfield code="6">245-02/r</subfield>
      <subfield code="a">ايضاه الفوائد في شرح اشكالات القواعد /</subfield>
      <subfield code="c">لمؤلفه ابي طالب محمد بن الحسن بن يوسف بن المطهر الحلي ؛ نمقه وعلق عليه واشرف على طبعه حسين موسوي الكرماني وعلي پناه الاشتهاردي وعبد الرحيم البروجردي.</subfield>
   </datafield>
   <datafield ind1=" " ind2=" " tag="880">
      <subfield code="6">260-03/r</subfield>
      <subfield code="a">[قم] :</subfield>
      <subfield code="b">بنيادا كوشانپور :</subfield>
      <subfield code="b">مؤسسها مطبوعاتا اسماعيليان،</subfield>
      <subfield code="c">1363 [1984]</subfield>
   </datafield>
   <datafield ind1="1" ind2="0" tag="880">
      <subfield code="6">600-04/r</subfield>
      <subfield code="a">ابن المطهر الحلي، الحسن بن يوسف،</subfield>
      <subfield code="d">1250-1325.</subfield>
      <subfield code="t">قواعد الاحكام في معرفة الحلال والحرام.</subfield>
   </datafield>
   <datafield ind1="1" ind2=" " tag="880">
      <subfield code="6">700-05/r</subfield>
      <subfield code="a">ابن المطهر الحلي، الحسن بن يوسف،</subfield>
      <subfield code="d">1250-1325.</subfield>
      <subfield code="t">قواعد الاحكام في معرفة الحلال والحرام.</subfield>
      <subfield code="f">1984.</subfield>
   </datafield>
   <datafield ind1="1" ind2=" " tag="880">
      <subfield code="6">700-06/r</subfield>
      <subfield code="a">موسوي الكرماني، حسين.</subfield>
   </datafield>
   <datafield ind1="1" ind2=" " tag="880">
      <subfield code="6">700-07/r</subfield>
      <subfield code="a">اشتهاردي، علي پناه.</subfield>
   </datafield>
   <datafield ind1="1" ind2=" " tag="880">
      <subfield code="6">700-08/r</subfield>
      <subfield code="a">بروجردي، عبد الرحيم.</subfield>
   </datafield>
   <datafield ind1=" " ind2=" " tag="998">
      <subfield code="a">01/23/89</subfield>
      <subfield code="s">9118</subfield>
      <subfield code="n">NjP</subfield>
      <subfield code="w">NJPG87B6257</subfield>
      <subfield code="d">02/10/87</subfield>
      <subfield code="c">KVV</subfield>
      <subfield code="b">KVV</subfield>
      <subfield code="i">890123</subfield>
      <subfield code="l">NJPG</subfield>
   </datafield>
   <datafield ind1=" " ind2=" " tag="911">
      <subfield code="a">19921028</subfield>
   </datafield>
   <datafield ind1=" " ind2=" " tag="912">
      <subfield code="a">19900508000000.0</subfield>
   </datafield>
   <datafield ind1=" " ind2=" " tag="994">
      <subfield code="a">C0</subfield>
      <subfield code="b">PUL</subfield>
   </datafield>
   <datafield ind1=" " ind2=" " tag="999">
      <subfield code="a">416703</subfield>
   </datafield>
   <datafield ind1=" " ind2=" " tag="979">
      <subfield code="a">(OCoLC)ocn175784818</subfield>
   </datafield>
   <datafield ind1="8" ind2="0" tag="852">
      <subfield code="0">453822</subfield>
      <subfield code="b">rcppa</subfield>
      <subfield code="t">1</subfield>
      <subfield code="h">2271.409367.3482 1984</subfield>
      <subfield code="x">tr fr f</subfield>
   </datafield>
   <datafield ind1=" " ind2=" " tag="959">
      <subfield code="a">2000-06-13 00:00:00 -0500</subfield>
   </datafield>
</record>
